@manual{sto005,
	publisher = "Изд-во ИРНИТУ",
	title = "СТО 005-2015 Учебно-методическая деятельность. Оформление курсовых и дипломных проектов (работ) технических специальностей",
	year = "2015",
	address = "И.",
	language = "russian"
}
@book{lshort,
	author = "Tobias Oetiker and Hubert Partl and Irene Hyna and Elisabeth Schlegl",
	title = "The Not So Short Introduction to {{\LaTeX}}",
	url = "http://tobi.oetiker.ch/lshort/lshort.pdf",
	year = "2008",
	language = "russian"
}
@article{packages,
	author = "Braams, Johnnes",
	title = "{\LaTeX$2\epsilon$} for package writers",
	journal = "TUGboat 15.3",
	year = "1999"
}
@BOOK{GOST732,
	title = "ГОСТ 7.32---2001
	Система стандартов по информации, библиотечному и издательскому делу. Отчет о научно-исследовательской работе. Структура и правила оформления",
	address = "М.",
	publisher = "Изд-во стандартов",
	year = 2001,
	language = "russian"
}
@BOOK{GOST705,
	title = "ГОСТ Р 7.0.5---2008
	Система стандартов по информации, библиотечному и издательскому делу. Библиографическая ссылка. Общие требования и правила составления",
	address = "М.",
	publisher = "Изд-во стандартов",
	year = 2008,
	language = "russian"
}
@BOOK{GOST3489,
	title = "ГОСТ 3489.1-71
	Шрифты типографские (на русской и латинской графических основах). Группировка. Индексация. Линия шрифта. Емкость",
	address = "М.",
	publisher = "Изд-во стандартов",
	year = 1971,
	language = "russian"
}
@online{typo_history,
	keywords = {edu,inf{\_}design},
	mendeley-groups = {edu},
	mendeley-tags = {edu,inf{\_}design},
	title = {{Типографика: история тысячелетнего развития.}},
	url = {https://galior-market.ru/forum/thread105},
	urldate = {2016-12-06},
	year = {2015}
}
@book{felichi_typo,
	abstract = {Книга посвящена типографике — искусству оформления произведений печати средствами набора и верстки, которое имеет и художестспныи, и технический аспекты. Рассматриваемые эстетические пршщипы выбора и применения шрифтов для печатной продукции и экранного представления поддерживаются множеством сведений, правил, тонкостей в описании технических приемов профессиональной компьютерной верстки, отвечающей современным стандартам. Благодаря обилию иллюстрации и примеров, а также художественному вкусу автора, книга полезна и доступна не дизайнерам, печатникам и менеджерам полиграфического производства, по и всем, интересую- щимся вопросами компьютерной верстки.},
	address = {СПб},
	author = {Феличи, Джеймс},
	edition = {1},
	keywords = {typography},
	language = {russian},
	mendeley-tags = {typography},
	pages = {496},
	publisher = {БХВ-Петербург},
	title = {{Типографика: шрифт, верстка, дизайн}},
	translator = {Пономаренко, С. И.},
	year = {2004}
}
@book{korolkova_livetypo,
	abstract = {В книге живым и доступным языком изложены основные правила и закономерности типографики— «искусства расположения наборного материала на плоскости листа». рассмотрены история и различные классификации наборных шрифтов и основные принципы их подбора и применения, способы размещения материала на развороте, принципы и правила набора. Книга предназначена для студентов высших учебных заведений, изучающих графический и книж- ный дизайн. кроме того, она будет полезна практикующим дизайнерам (в том числе, дизайнерам книги и начинающим дизайнерам наборного шрифта).},
	address = {Москва},
	author = {Королькова, Александра},
	pages = {224},
	publisher = {IndexMarket},
	title = {{Живая типографика}},
	year = {2007}
}
@book{tschichold_aboutfont,
	abstract = {Эта книга - сборник прекрасных шрифтовых примеров, составленный Яном Чихольдом, типографом и художником книги. В издание попали шрифты исключительной красоты, находящиеся вне времени и моды, - настоящие образцы для подражания в шрифтовом дизайне. Многие ценные исторические иллюстрации приведены в реальном размере и тщательно отретушированы автором, поэтому выглядят, лучше, чем в плохо сохранившихся оригинaлах. Прежде чем представить коллекцию образцов, Чихольд скрупулезно анализирует форму и устройство букв, разбирает плохие и хорошие шрифты, пишет об использовании прописных и строчных знаков, межбуквенном и междустрочном расстояниях. Много внимания уделено правильному подбору шрифта к задаче, шрифтовым композициям и типографике в городской среде.},
	address = {Москва},
	author = {Чихольд, Ян},
	isbn = {9785980620646},
	pages = {248},
	publisher = {Издательство Студии Артемия Лебедева},
	title = {{Образцы шрифтов}},
	translator = {Якубсон, Л.},
	year = {2012}
}
@book{tschichold_image,
	address = {Москва},
	author = {Чихольд, Ян},
	language = {russian},
	pages = {242},
	publisher = {Книга},
	title = {{Облик книги}},
	translator = {Лазурский, В. В. and Милютин, В. П and Чекрыжов, П. Ф.},
	year = {1980}
}
@book{about_font,
	address = {Москва},
	author = {Шпикерман, Эрик},
	pages = {195},
	publisher = {ПараТайп},
	title = {{О Шрифте}},
	year = {2005}
}
@book{gritsaenko_latexmanual,
	abstract = {Настоящее руководство является частью технической документации по компьютерной издательской системе, основу которой составляют процессор TEX и его макронадстройки — Plain TEX, LaTEX, AMS-TEX. Оно содержит справочную информацию по макронадстройке LaTEX.},
	author = {Грицаенко, И А and Клименко, С В},
	language = {russian},
	pages = {114},
	title = {{Latex. Руководство для пользователей}},
	year = {1994}
}
@book{gordon_aboutletters,
	address = {Москва},
	author = {Гордон, Юрий},
	pages = {384},
	publisher = {Издательство Студии Артемия Лебедева},
	title = {{Книга про буквы от Аа до Яя}},
	year = {2006}
}
@book{author_manual,
	address = {Москва},
	author = {Мильчин, А. Э. and Чельцова, Л. К.},
	isbn = {5739008379},
	language = {russian},
	publisher = {Олимп},
	title = {{Справочник издателя и автора}},
	year = {1998}
}
@book{Lvovskiy2003,
	author = {Львовский, С. М.},
	pages = {448},
	title = {{Набор и вёрстка в системе LATEX}},
	year = {2003}
}
