@article{22200605,
	title = "Р 2.2.2006-05. Гигиенические критерии оценки условий по показателям вредности опасности факторов производственной среды, тяжести и напряженности трудового процесса.",
	language = "russian"
}
@article{1200037499,
	title = "ГОСТ 12.0.003-74(99)  ССБТ. Опасные и вредные производственные факторы.",
	language = "russian"
}
@article{22454896,
	title = "СанПиН 2.2.4.548-96. Гигиенические требования к микроклимату производственных помещений.",
	language = "russian"
}
@article{12100588,
	title = "ГОСТ 12.1.005-88 ССБТ. Воздух рабочей зоны. Общие санитарно-гигиенические требования.",
	language = "russian"
}
@article{230595,
	title = "СНиП 23-05-95. Естественное и искусственное освещение.",
	language = "russian"
}
@article{22421856296,
	title = "СН 2.2.4/2.1.8.562-96. Шум на рабочих местах, в помещениях жилых, общественных зданий и на территории жилой застройки.",
	language = "russian"
}
@article{222241340,
	title = "СанПиН 2.2.2/2.4.1340-03. Гигиенические требования к электронно-вычислительным машинам и организации работы.",
	language = "russian"
}
@article{12103882,
	title = "ГОСТ 12.1.038-82. Система стандартов безопасности труда. Электробезопасность. Предельно допустимые значения напряжений прикосновения и токов.",
	language = "russian"
}
@article{12131302009,
	title = "СП 12.13130.2009. Определение категорий помещений, зданий и наружных установок по взрывопожарной и пожарной опасности.",
	language = "russian"
}
@article{12203278,
	title = "ГОСТ 12.2.032-78 ССБТ. Рабочее место при выполнении работ сидя. Общие эргономические требования.",
	language = "russian"
}
@article{123fz,
	title = "Федеральный закон Российской Федерации от 22 июля 2008 г. № 123-ФЗ «Технический регламент о требованиях пожарной безопасности».",
	language = "russian"
}
@BOOK{GOST24103,
	key = {ГОСТ},
	title = "ГОСТ 24.103-84. Автоматизированные системы управления. Основные положения.",
	address = "М.",
	publisher = "Изд-во стандартов",
	year = 1984,
	numpages = 78,
	language = "russian"
}
@manual{sto005,
	publisher = "Изд-во ИРНИТУ",
	title = "СТО 005-2015 Учебно-методическая деятельность. Оформление курсовых и дипломных проектов (работ) технических специальностей",
	year = "2015",
	address = "Иркутск",
	language = "russian"
}
@book{met,
	publisher = "Изд-во ИрГТУ",
	title = "Технология разработки программных комплексов. Методические указания по выполнению курсовой работы",
	author="К.~С~Лебедев and З.~А.~Бахвалова",
	year = "2009",
	address = "Иркутск",
	language = "russian"
}
@online{djangotest,
	title = "Testing in Django",
	url = "https://docs.djangoproject.com/en/1.9/topics/testing/",
	urldate = "31.05.2016",
	language = "english"
}
@online{habr:djtest,
	title = "Тестирование проектов Django",
	url = "https://habrahabr.ru/post/122156/",
	urldate = "01.06.2016",
	language = "russian"
}
@online{jquery,
	title = "jQuery official site",
	url = "https://jquery.com/",
	urldate = "02.06.2016",
	language = "english"
}
@online{underscorejs,
	title = "underscore.js",
	url = "http://underscorejs.org/",
	urldate = "03.06.2016",
	language = "english"
}
@online{underscorejs,
	title = "SASS --- Sass: Syntactically Awesome Style Sheets",
	url = "http://sass-lang.com/",
	urldate = "04.06.2016",
	language = "english"
}
@online{mdn:ajax,
	title = "AJAX | Mozilla Developer Network",
	url = "https://developer.mozilla.org/en-US/docs/AJAX/",
	urldate = "05.06.2016",
	language = "english"
}
@online{foundation,
	title = "Foundation. The most advanced responsive front-end framework in the world.",
	url = "http://foundation.zurb.com/",
	urldate = "06.06.2016",
	language = "english"
}
@online{respdesign,
	title = "Responsive Web Design",
	author = "Ethan Marcotte",
	url = "http://alistapart.com/article/responsive-web-design",
	urldate = "07.06.2016",
	language = "english"
}
@online{proc:irkstruct,
	title = "Структура прокуратуры Иркутской области",
	url = "https://www.irkproc.ru/qa/36.html",
	urldate = "08.06.2016",
	language = "russian"
}
@online{proc:procs,
	title = "Прокуратуры области",
	url = "https://www.irkproc.ru/qa/47.html",
	urldate = "09.06.2016",
	language = "russian"
}
@online{proc:struct,
	title = "Структура генеральной прокуратуры",
	url = "http://www.genproc.gov.ru/structure/",
	urldate = "10.06.2016",
	language = "russian"
}
@online{efflaw,
	title = "Условия и порядок вступления в силу федеральных нормативных правовых актов",
	url = "http://www.consultant.ru/document/cons_doc_LAW_22472/",
	urldate = "11.06.2016",
	language = "russian"
}
@online{postgresharding,
	title = "Работа с PostgreSQL: настройка и масштабирование",
	url = "http://postgresql.leopard.in.ua/html/",
	author="Васильев~А.~Ю.",
	urldate = "12.06.2016",
	language = "russian"
}
@online{postgresharding,
	title = "Migrations | Django",
	url = "https://docs.djangoproject.com/ja/1.9/topics/migrations/",
	urldate = "13.06.2016",
	language = "english"
}


